<record><leader>00000cas a22000007a 4500</leader><controlfield tag="001">22683353</controlfield><controlfield tag="008">901113d187u187unhuuu ne      0    0eng d</controlfield><datafield ind1=" " ind2=" " tag="010"><subfield code="a">sn 90062540 </subfield></datafield><datafield ind1=" " ind2=" " tag="040"><subfield code="a">NVH</subfield><subfield code="b">eng</subfield><subfield code="c">NVH</subfield><subfield code="d">OCLCQ</subfield></datafield><datafield ind1=" " ind2=" " tag="042"><subfield code="a">msc</subfield></datafield><datafield ind1="0" ind2="0" tag="245"><subfield code="a">Manchester illustrated bulletin.</subfield></datafield><datafield ind1=" " ind2=" " tag="260"><subfield code="a">Manchester, N.H. :</subfield><subfield code="b">J.W.C. Pickering</subfield></datafield><datafield ind1=" " ind2=" " tag="588"><subfield code="a">Description based on: Fall/winter (1873).</subfield></datafield><datafield ind1=" " ind2=" " tag="752"><subfield code="a">United States</subfield><subfield code="b">New Hampshire</subfield><subfield code="c">Hillsborough</subfield><subfield code="d">Manchester.</subfield></datafield><datafield ind1="0" ind2="0" tag="785"><subfield code="t">Pickering's weekly bulletin</subfield><subfield code="w">(DLC)sn 90062541</subfield></datafield></record>